<record><leader>00000cas a22000007a 4500</leader><controlfield tag="001">37847723</controlfield><controlfield tag="008">971027d1895190utnuwr ne      0    0eng d</controlfield><datafield ind1=" " ind2=" " tag="010"><subfield code="a">sn 97065229 </subfield></datafield><datafield ind1=" " ind2=" " tag="040"><subfield code="a">TGN</subfield><subfield code="b">eng</subfield><subfield code="c">TGN</subfield><subfield code="d">OCLCQ</subfield><subfield code="d">OCLCF</subfield><subfield code="d">OCLCO</subfield></datafield><datafield ind1="1" ind2=" " tag="029"><subfield code="a">AU@</subfield><subfield code="b">000020133002</subfield></datafield><datafield ind1=" " ind2=" " tag="042"><subfield code="a">msc</subfield></datafield><datafield ind1=" " ind2=" " tag="043"><subfield code="a">n-us-tn</subfield></datafield><datafield ind1="0" ind2="4" tag="245"><subfield code="a">The Sevierville star.</subfield></datafield><datafield ind1=" " ind2=" " tag="260"><subfield code="a">Sevierville, Tenn. :</subfield><subfield code="b">W.R. Montgomery</subfield></datafield><datafield ind1=" " ind2=" " tag="300"><subfield code="a">v.</subfield></datafield><datafield ind1=" " ind2=" " tag="310"><subfield code="a">Weekly</subfield></datafield><datafield ind1="1" ind2=" " tag="362"><subfield code="a">Began in Feb. 1895.</subfield></datafield><datafield ind1=" " ind2=" " tag="500"><subfield code="a">Editor: W.R. Montgomery, 1895-&lt;1897&gt;</subfield></datafield><datafield ind1=" " ind2=" " tag="588"><subfield code="a">Description based on: Vol. 8, no. [5] (Feb. 22, 1895).</subfield></datafield><datafield ind1=" " ind2="0" tag="651"><subfield code="a">Sevierville (Tenn.)</subfield><subfield code="v">Newspapers.</subfield></datafield><datafield ind1=" " ind2="0" tag="651"><subfield code="a">Sevier County (Tenn.)</subfield><subfield code="v">Newspapers.</subfield></datafield><datafield ind1=" " ind2="7" tag="655"><subfield code="a">Newspapers.</subfield><subfield code="2">fast</subfield><subfield code="0">(OCoLC)fst01423814</subfield></datafield><datafield ind1=" " ind2="7" tag="651"><subfield code="a">Tennessee</subfield><subfield code="z">Sevier County.</subfield><subfield code="2">fast</subfield><subfield code="0">(OCoLC)fst01223224</subfield></datafield><datafield ind1=" " ind2="7" tag="651"><subfield code="a">Tennessee</subfield><subfield code="z">Sevierville.</subfield><subfield code="2">fast</subfield><subfield code="0">(OCoLC)fst01227763</subfield></datafield><datafield ind1=" " ind2=" " tag="752"><subfield code="a">United States</subfield><subfield code="b">Tennessee</subfield><subfield code="c">Sevier</subfield><subfield code="d">Sevierville.</subfield></datafield><datafield ind1="0" ind2="0" tag="785"><subfield code="t">Republican star (Sevierville, Tenn.)</subfield><subfield code="w">(DLC)sn 99065775</subfield></datafield></record>